
@ARTICLE{Bittig2018,
AUTHOR={Bittig, Henry C. and Steinhoff, Tobias and Claustre, Hervé and Fiedler, Björn and Williams, Nancy L. and Sauzède, Raphaëlle and Körtzinger, Arne and Gattuso, Jean-Pierre},   
TITLE={An Alternative to Static Climatologies: Robust Estimation of Open Ocean CO2 Variables and Nutrient Concentrations From T, S, and O2 Data Using Bayesian Neural Networks},      
JOURNAL={Frontiers in Marine Science},     
VOLUME={5},          
YEAR={2018},      
URL={https://www.frontiersin.org/articles/10.3389/fmars.2018.00328},       
DOI={10.3389/fmars.2018.00328},      
	ISSN={2296-7745},   
}

@ARTICLE{Sauzède2017,
  AUTHOR={Sauzède, Raphaëlle and Bittig, Henry C. and Claustre, Hervé and Pasqueron de Fommervault, Orens and Gattuso, Jean-Pierre and Legendre, Louis and Johnson, Kenneth S.},    
TITLE={Estimates of Water-Column Nutrient Concentrations and Carbonate System Parameters in the Global Ocean: A Novel Approach Based on Neural Networks},      
JOURNAL={Frontiers in Marine Science},      
VOLUME={4},           
YEAR={2017},      
URL={https://www.frontiersin.org/articles/10.3389/fmars.2017.00128},      
DOI={10.3389/fmars.2017.00128},      
ISSN={2296-7745},   
   }
   
@article{bezanson2017julia,
  title={Julia: A fresh approach to numerical computing},
  author={Bezanson, Jeff and Edelman, Alan and Karpinski, Stefan and Shah, Viral B},
  doi={10.1137/141000671},
  journal={SIAM review},
  volume={59},
  number={1},
  pages={65--98},
  year={2017},
  publisher={SIAM}
}

@article{DT2024,
	author = {National Academies of Sciences, Engineering, and Medicine},
	doi = {10.17226/26894},
	publisher = { The National Academies Press },
	title = {{Foundational Research Gaps and Future Directions for Digital Twins}},
	year = {2024}
}

@article{Makie, doi = {10.21105/joss.03349}, url = {https://doi.org/10.21105/joss.03349}, year = {2021}, publisher = {The Open Journal}, volume = {6}, number = {65}, pages = {3349}, author = {Simon Danisch and Julius Krumbiegel}, title = {Makie.jl: Flexible high-performance data visualization for Julia}, journal = {Journal of Open Source Software} }

@article{Innes2018, doi = {10.21105/joss.00602}, url = {https://doi.org/10.21105/joss.00602}, year = {2018}, publisher = {The Open Journal}, volume = {3}, number = {25}, pages = {602}, author = {Mike Innes}, title = {Flux: Elegant machine learning with Julia}, journal = {Journal of Open Source Software} }

@software{Pluto,
  author       = {Fons van der Plas and collaborators},
  title        = {fonsp/Pluto.jl: v0.19.42},
  month        = may,
  year         = 2024,
  publisher    = {Zenodo},
  version      = {v0.19.42},
  doi          = {10.5281/zenodo.11144554},
  url          = {https://doi.org/10.5281/zenodo.11144554}
}

@article{OceananigansJOSS,
  doi = {10.21105/joss.02018},
  url = {https://doi.org/10.21105/joss.02018},
  year = {2020},
  publisher = {The Open Journal},
  volume = {5},
  number = {53},
  pages = {2018},
  author = {Ali Ramadhan and Gregory LeClaire Wagner and Chris Hill and Jean-Michel Campin and Valentin Churavy and Tim Besard and Andre Souza and Alan Edelman and Raffaele Ferrari and John Marshall},
  title = {{Oceananigans.jl: Fast and friendly geophysical fluid dynamics on GPUs}},
  journal = {Journal of Open Source Software}
}

@article{Wu2022, doi = {10.21105/joss.04207}, url = {https://doi.org/10.21105/joss.04207}, year = {2022}, publisher = {The Open Journal}, volume = {7}, number = {73}, pages = {4207}, author = {Zhen Wu and Ga{\"{e}}l Forget}, title = {PlanktonIndividuals.jl: A GPU supported individual-based phytoplankton life cycle model}, journal = {Journal of Open Source Software} }

@article{Forget2021,
  doi = {10.21105/joss.02813},
  url = {https://doi.org/10.21105/joss.02813},
  year = {2021},
  publisher = {The Open Journal},
  volume = {6},
  number = {60},
  pages = {2813},
  author = {Ga{\"{e}}l Forget},
  title = {IndividualDisplacements.jl: a Julia package to simulate and study particle displacements within the climate system},
  journal = {Journal of Open Source Software}
}

@Article{Hector2015,
AUTHOR = {Hartin, C. A. and Patel, P. and Schwarber, A. and Link, R. P. and Bond-Lamberty, B. P.},
TITLE = {A simple object-oriented and open-source model for scientific and policy analyses of the global climate system – Hector v1.0},
JOURNAL = {Geoscientific Model Development},
VOLUME = {8},
YEAR = {2015},
NUMBER = {4},
PAGES = {939--955},
URL = {https://gmd.copernicus.org/articles/8/939/2015/},
DOI = {10.5194/gmd-8-939-2015}
}

@Article{CMIP6,
AUTHOR = {Eyring, V. and Bony, S. and Meehl, G. A. and Senior, C. A. and Stevens, B. and Stouffer, R. J. and Taylor, K. E.},
TITLE = {Overview of the Coupled Model Intercomparison Project Phase 6 (CMIP6)
experimental design and organization},
JOURNAL = {Geoscientific Model Development},
VOLUME = {9},
YEAR = {2016},
NUMBER = {5},
PAGES = {1937--1958},
URL = {https://gmd.copernicus.org/articles/9/1937/2016/},
DOI = {10.5194/gmd-9-1937-2016}
}


@ARTICLE{Roemmich2019,
 AUTHOR={Roemmich, Dean and Alford, Matthew H. and Claustre, Hervé and Johnson, Kenneth and King, Brian and Moum, James and Oke, Peter and Owens, W. Brechner and Pouliquen, Sylvie and Purkey, Sarah and Scanderbeg, Megan and Suga, Toshio and Wijffels, Susan and Zilberman, Nathalie and Bakker, Dorothee and Baringer, Molly and Belbeoch, Mathieu and Bittig, Henry C. and Boss, Emmanuel and Calil, Paulo and Carse, Fiona and Carval, Thierry and Chai, Fei and Conchubhair, Diarmuid and d’Ortenzio, Fabrizio and Dall’Olmo, Giorgio and Desbruyeres, Damien and Fennel, Katja and Fer, Ilker and Ferrari, Raffaele and Forget, Gael and Freeland, Howard and Fujiki, Tetsuichi and Gehlen, Marion and Greenan, Blair and Hallberg, Robert and Hibiya, Toshiyuki and Hosoda, Shigeki and Jayne, Steven and Jochum, Markus and Johnson, Gregory C. and Kang, KiRyong and Kolodziejczyk, Nicolas and Körtzinger, Arne and Traon, Pierre-Yves Le and Lenn, Yueng-Djern and Maze, Guillaume and Mork, Kjell Arne and Morris, Tamaryn and Nagai, Takeyoshi and Nash, Jonathan and Garabato, Alberto Naveira and Olsen, Are and Pattabhi, Rama Rao and Prakash, Satya and Riser, Stephen and Schmechtig, Catherine and Schmid, Claudia and Shroyer, Emily and Sterl, Andreas and Sutton, Philip and Talley, Lynne and Tanhua, Toste and Thierry, Virginie and Thomalla, Sandy and Toole, John and Troisi, Ariel and Trull, Thomas W. and Turton, Jon and Velez-Belchi, Pedro Joaquin and Walczowski, Waldemar and Wang, Haili and Wanninkhof, Rik and Waterhouse, Amy F. and Waterman, Stephanie and Watson, Andrew and Wilson, Cara and Wong, Annie P. S. and Xu, Jianping and Yasuda, Ichiro},   
 TITLE={On the Future of Argo: A Global, Full-Depth, Multi-Disciplinary Array},      
JOURNAL={Frontiers in Marine Science},      
VOLUME={6},      
YEAR={2019},      
URL={https://www.frontiersin.org/article/10.3389/fmars.2019.00439}, 
DOI={10.3389/fmars.2019.00439}, 
ISSN={2296-7745},   
}

@article{Pasquier2022,
doi = {10.21105/joss.03814},
url = {https://doi.org/10.21105/joss.03814},
year = {2022}, 
publisher = {The Open Journal}, 
volume = {7}, 
number = {69}, 
pages = {3814}, 
author = {Benoît Pasquier and François W. Primeau and Seth G. John}, 
title = {AIBECS.jl: A tool for exploring global marine biogeochemical cycles.}, 
journal = {Journal of Open Source Software}
}

@article{MFF14,
author = {McCaffrey, K and Fox-Kemper, B and Forget, G},
doi = {10.1175/JPO-D-14-0023.1},
journal = {JPO},
pages = {1773--1793},
title = {{Estimates of Ocean Macro-turbulence: Structure Function and Spectral Slope from Argo Profiling Floats}},
volume = {45},
year = {2015}
}


@article{Forget2024b,
  year = {2024},
  publisher = {The Open Journal},
  volume = {submitted},
  author = {Ga{\"{e}}l Forget},
  title = {MITgcm.jl: a Julia Interface to the MITgcm},
  journal = {Journal of Open Source Software}
}


@article{Forget2024a,
 author = {Forget, Ga{\"{e}}l},
 title = {Energy Imbalance in the Sunlit Ocean Layer},
 number = {submitted},
 year = {2024}
}

